@misc{coneau_schwenk_lecun_barrault, title={Very Deep Convolutional Networks for Text Classification}, url={https://arxiv.org/pdf/1606.01781.pdf}, author={Coneau, Alexis and Schwenk, Holger and LeCun, Yann and Barrault, Loic}} 

@misc{conneau_kiela_schwenk_barrault_bordes, title={Supervised Learning of Universal Sentence Representations from Natural Language Inference Data}, url={https://arxiv.org/pdf/1705.02364.pdf}, author={Conneau, Alexis and Kiela, Douwe and Schwenk, Holger and Barrault, Loic and Bordes, Antoine}} 

@misc{glorot_bengio, title={Understanding the Difficulty of Training Deep Feedforward Neural Networks}, url={http://proceedings.mlr.press/v9/glorot10a/glorot10a.pdf}, author={Glorot, Xavier and Bengio, Yoshua}} 

@misc{luca_2011, title={Reviews, Reputation, and Revenue: The Case of Yelp.com}, journal={https://www.hbs.edu/faculty/Publication Files/12-016_a7e4a5a2-03f9-490d-b093-8f951238dba2.pdf}, publisher={Harvard Business School}, author={Luca, Michael}, year={2011}} 

@misc{olah_2015, title={Understanding LSTM Networks}, url={http://colah.github.io/posts/2015-08-Understanding-LSTMs/}, journal={Understanding LSTM Networks -- colah's blog}, author={Olah, Christopher}, year={2015}, month={Aug}} 

@misc{pennington_socher_manning, title={GloVe: Global Vectors for Word Representation}, url={https://nlp.stanford.edu/pubs/glove.pdf}, publisher={Stanford}, author={Pennington, Jeffrey and Socher, Richard and Manning, Christopher D.}}

@misc{kaggle , title={RecSys2013: Yelp Business Rating Prediction | Kaggle}, url={https://www.kaggle.com/c/yelp-recsys-2013/data}, journal={Countries of the World | Kaggle}}


